<?xml version="1.0" encoding="UTF-8"?>
<record xmlns="http://www.loc.gov/MARC21/slim" xmlns:xsi="http://www.w3.org/2001/XMLSchema-instance" xsi:schemaLocation="http://www.loc.gov/MARC21/slim http://www.loc.gov/standards/marcxml/schema/MARC21slim.xsd">
<leader>00000cam a22      a 4500</leader>
<controlfield tag="001">001812107</controlfield>
<controlfield tag="003">NNU</controlfield>
<controlfield tag="005">20160302155331.0</controlfield>
<controlfield tag="008">760225s1959    le b     b    000 0 eng</controlfield>
<datafield tag="010" ind1=" " ind2=" ">
<subfield code="a">   61024921</subfield>
</datafield>
<datafield tag="035" ind1=" " ind2=" ">
<subfield code="a">(OCoLC)2011960</subfield>
</datafield>
<datafield tag="040" ind1=" " ind2=" ">
<subfield code="a">DLC</subfield>
<subfield code="b">eng</subfield>
<subfield code="c">OBE</subfield>
<subfield code="d">SER</subfield>
<subfield code="d">OCLCQ</subfield>
<subfield code="d">OCLCG</subfield>
<subfield code="d">STF</subfield>
<subfield code="d">OCLCA</subfield>
<subfield code="d">LEAUB</subfield>
<subfield code="d">OCLCF</subfield>
<subfield code="d">OCLCQ</subfield>
<subfield code="d">OCLCO</subfield>
</datafield>
<datafield tag="043" ind1=" " ind2=" ">
<subfield code="a">a-le---</subfield>
</datafield>
<datafield tag="050" ind1=" " ind2="4">
<subfield code="a">PJ25</subfield>
<subfield code="b">.A6 no. 34</subfield>
</datafield>
<datafield tag="082" ind1="0" ind2=" ">
<subfield code="a">956.9</subfield>
<subfield code="2">22</subfield>
</datafield>
<datafield tag="100" ind1="1" ind2=" ">
<subfield code="a">Salibi, Kamal S.</subfield>
<subfield code="q">(Kamal Suleiman),</subfield>
<subfield code="d">1929-2011.</subfield>
</datafield>
<datafield tag="245" ind1="1" ind2="0">
<subfield code="a">Maronite historians of mediæval Lebanon :</subfield>
<subfield code="b">With a pref. by Bernard Lewis.</subfield>
</datafield>
<datafield tag="260" ind1=" " ind2=" ">
<subfield code="a">Beirut,</subfield>
<subfield code="c">1959.</subfield>
</datafield>
<datafield tag="300" ind1=" " ind2=" ">
<subfield code="a">262 pages :</subfield>
<subfield code="b">folded map ;</subfield>
<subfield code="c">25 cm.</subfield>
</datafield>
<datafield tag="336" ind1=" " ind2=" ">
<subfield code="a">text</subfield>
<subfield code="b">txt</subfield>
<subfield code="2">rdacontent</subfield>
</datafield>
<datafield tag="337" ind1=" " ind2=" ">
<subfield code="a">unmediated</subfield>
<subfield code="b">n</subfield>
<subfield code="2">rdamedia</subfield>
</datafield>
<datafield tag="338" ind1=" " ind2=" ">
<subfield code="a">volume</subfield>
<subfield code="b">nc</subfield>
<subfield code="2">rdacarrier</subfield>
</datafield>
<datafield tag="490" ind1="1" ind2=" ">
<subfield code="a">American University of Beirut. Publication of the Faculty of Arts and Sciences. Oriental series,</subfield>
<subfield code="v">no. 34</subfield>
</datafield>
<datafield tag="500" ind1=" " ind2=" ">
<subfield code="a">"Revised form of a Ph. D. thesis ... presented ... at the University of London ... The original title was Studies on the traditional historiography of the Maronites on the period 1100-1516."</subfield>
</datafield>
<datafield tag="504" ind1=" " ind2=" ">
<subfield code="a">Includes bibliographical references (pages 243-250).</subfield>
</datafield>
<datafield tag="651" ind1=" " ind2="0">
<subfield code="a">Lebanon</subfield>
<subfield code="x">History</subfield>
<subfield code="x">Historiography.</subfield>
</datafield>
<datafield tag="650" ind1=" " ind2="7">
<subfield code="a">Historiography.</subfield>
<subfield code="2">fast</subfield>
<subfield code="0">(OCoLC)fst00958221</subfield>
</datafield>
<datafield tag="651" ind1=" " ind2="7">
<subfield code="a">Lebanon.</subfield>
<subfield code="2">fast</subfield>
<subfield code="0">(OCoLC)fst01206063</subfield>
</datafield>
<datafield tag="655" ind1=" " ind2="7">
<subfield code="a">History.</subfield>
<subfield code="2">fast</subfield>
<subfield code="0">(OCoLC)fst01411628</subfield>
</datafield>
<datafield tag="776" ind1="0" ind2="8">
<subfield code="i">Online version:</subfield>
<subfield code="a">Salibi, Kamal S. (Kamal Suleiman), 1929-</subfield>
<subfield code="t">Maronite historians of mediæval Lebanon.</subfield>
<subfield code="d">Beirut, 1959</subfield>
<subfield code="w">(OCoLC)583192399</subfield>
</datafield>
<datafield tag="776" ind1="0" ind2="8">
<subfield code="i">Online version:</subfield>
<subfield code="a">Salibi, Kamal S. (Kamal Suleiman), 1929-</subfield>
<subfield code="t">Maronite historians of mediæval Lebanon.</subfield>
<subfield code="d">Beirut, 1959</subfield>
<subfield code="w">(OCoLC)630300338</subfield>
</datafield>
<datafield tag="810" ind1="2" ind2=" ">
<subfield code="a">American University of Beirut.</subfield>
<subfield code="b">Faculty of Arts and Sciences.</subfield>
<subfield code="t">Publications.</subfield>
<subfield code="p">Oriental series ;</subfield>
<subfield code="v">no. 34.</subfield>
</datafield>
<datafield tag="OWN" ind1=" " ind2=" ">
<subfield code="a">GENERAL</subfield>
</datafield>
<datafield tag="AVA" ind1=" " ind2=" ">
<subfield code="a">NYU50</subfield>
<subfield code="b">BOBST</subfield>
<subfield code="c">Main Collection</subfield>
<subfield code="d">PJ25 .A6 no.34</subfield>
<subfield code="e">unavailable</subfield>
<subfield code="t">Unavailable</subfield>
<subfield code="f">1</subfield>
<subfield code="g">1</subfield>
<subfield code="h">N</subfield>
<subfield code="i">0</subfield>
<subfield code="j">MAIN</subfield>
<subfield code="k">0</subfield>
</datafield>
</record>
